<?xml version="1.0" encoding="UTF-8"?><record xmlns="http://www.loc.gov/MARC21/slim" xmlns:cinclude="http://apache.org/cocoon/include/1.0" xmlns:zs="http://www.loc.gov/zing/srw/">
  <leader>00540nz  a2200157n  4500</leader>
  <controlfield tag="001">n 2015210154</controlfield>
  <controlfield tag="003">DLC</controlfield>
  <controlfield tag="005">20150624133502.0</controlfield>
  <controlfield tag="008">150202n| azannaabn          |n aaa      </controlfield>
  <datafield tag="010" ind1=" " ind2=" ">
    <subfield code="a">n 2015210154</subfield>
  </datafield>
  <datafield tag="040" ind1=" " ind2=" ">
    <subfield code="a">DLC</subfield>
    <subfield code="b">eng</subfield>
    <subfield code="e">rda</subfield>
    <subfield code="c">DLC</subfield>
  </datafield>
  <datafield tag="100" ind1="1" ind2=" ">
    <subfield code="a">Rotondo, Felipe</subfield>
  </datafield>
  <datafield tag="374" ind1=" " ind2=" ">
    <subfield code="a">College teachers</subfield>
    <subfield code="2">lcsh</subfield>
  </datafield>
  <datafield tag="375" ind1=" " ind2=" ">
    <subfield code="a">male</subfield>
  </datafield>
  <datafield tag="377" ind1=" " ind2=" ">
    <subfield code="a">spa</subfield>
  </datafield>
  <datafield tag="670" ind1=" " ind2=" ">
    <subfield code="a">El procedimiento administrativo y la funcio휍혖n pu휍혖blica en la actualidad, setiembre de 2014:</subfield>
    <subfield code="b">t.p. (Dr. Felipe Rotondo) p. 5 (Prof. Dr. Felipe Rotondo, Director Instituto de Derecho Administrativo)</subfield>
  </datafield>
</record>